@article{Scrucca:2016wq,
author = {Scrucca, Luca and Fop, Michael and Murphy, T Brendan and Raftery, Adrian E},
title = {{mclust 5: Clustering, Classification and Density Estimation Using Gaussian Finite Mixture Models}},
journal = {The R Journal},
year = {2016},
pages = {289--317},
month = sep,
read = {Yes},
rating = {0},
date-added = {2017-02-07T21:57:58GMT},
date-modified = {2020-11-19T07:52:20GMT},
local-url = {file://localhost/Users/felipezapata/Dropbox/Papers/Library.papers3/Files/CD/CDE0BC84-BEC0-4EEC-8FA1-0FD4EB7F9E89.pdf},
file = {{CDE0BC84-BEC0-4EEC-8FA1-0FD4EB7F9E89.pdf:/Users/felipezapata/Dropbox/Papers/Library.papers3/Files/CD/CDE0BC84-BEC0-4EEC-8FA1-0FD4EB7F9E89.pdf:application/pdf}},
uri = {\url{papers3://publication/uuid/2DFE6F5B-026E-4CFF-87F8-537688FDC8FD}}
}

@article{Sleumer:1968ts,
author = {Sleumer, H O},
title = {{Die Gattung Escallonia}},
journal = {Verhandelingen der Koninklijke Nederlandse Akademie van Wetenschappen, Afd. Natuurkunde},
year = {1968},
pages = {1--149},
month = sep,
rating = {0},
date-added = {2014-07-02T22:19:03GMT},
date-modified = {2016-07-20T06:23:25GMT},
local-url = {file://localhost/Users/felipezapata/Dropbox/Papers/Library.papers3/Files/D6/D62CAF6C-FECE-4958-81B9-57D12F3B4CC6.pdf},
file = {{D62CAF6C-FECE-4958-81B9-57D12F3B4CC6.pdf:/Users/felipezapata/Dropbox/Papers/Library.papers3/Files/D6/D62CAF6C-FECE-4958-81B9-57D12F3B4CC6.pdf:application/pdf}},
uri = {\url{papers3://publication/uuid/EA14EC06-2F77-4B6C-853F-5A181AE7EE71}}
}

@Manual{Filzmoser:2018,
    title = {pcaPP: Robust PCA by Projection Pursuit},
    author = {Peter Filzmoser and Heinrich Fritz and Klaudius Kalcher},
    year = {2018},
    note = {R package version 1.9-73},
    url = {https://CRAN.R-project.org/package=pcaPP},
  }

@article{biernacki2000assessing,
  title={Assessing a mixture model for clustering with the integrated completed likelihood},
  author={Biernacki, Christophe and Celeux, Gilles and Govaert, G{\'e}rard},
  journal={IEEE transactions on pattern analysis and machine intelligence},
  volume={22},
  number={7},
  pages={719--725},
  year={2000},
  publisher={IEEE}
}

@article{fraley1998many,
  title={How many clusters? Which clustering method? Answers via model-based cluster analysis},
  author={Fraley, Chris and Raftery, Adrian E},
  journal={The computer journal},
  volume={41},
  number={8},
  pages={578--588},
  year={1998},
  publisher={Oxford University Press}
}

@article{sede2018taxonomic,
  title={{Taxonomic Revision of Escallonia (Escalloniaceae) in Argentina}},
  author={Sede, Silvana M and Denham, Silvia S},
  journal={Systematic Botany},
  volume={43},
  number={1},
  pages={364--396},
  year={2018},
  publisher={American Society of Plant Taxonomists}
}

@article{peterson2012double,
  title={Double digest RADseq: an inexpensive method for de novo SNP discovery and genotyping in model and non-model species},
  author={Peterson, Brant K and Weber, Jesse N and Kay, Emily H and Fisher, Heidi S and Hoekstra, Hopi E},
  journal={PloS ONE},
  volume={7},
  number={5},
  pages={e37135},
  year={2012},
  publisher={Public Library of Science}
}

@article{bayona2019adapterama,
  title={Adapterama III: Quadruple-indexed, double/triple-enzyme RADseq libraries (2RAD/3RAD)},
  author={Bayona-V{\'a}squez, Natalia J and Glenn, Travis C and Kieran, Troy J and Pierson, Todd W and Hoffberg, Sandra L and Scott, Peter A and Bentley, Kerin E and Finger, John W and Louha, Swarnali and Troendle, Nicholas and others},
  journal={PeerJ},
  volume={7},
  pages={e7724},
  year={2019},
  publisher={PeerJ Inc.}
}

@article{eaton2020ipyrad,
  title={ipyrad: Interactive assembly and analysis of RADseq datasets},
  author={Eaton, Deren AR and Overcast, Isaac},
  journal={Bioinformatics},
  volume={36},
  number={8},
  pages={2592--2594},
  year={2020},
  publisher={Oxford University Press}
}

@article{danecek2011variant,
  title={The variant call format and VCFtools},
  author={Danecek, Petr and Auton, Adam and Abecasis, Goncalo and Albers, Cornelis A and Banks, Eric and DePristo, Mark A and Handsaker, Robert E and Lunter, Gerton and Marth, Gabor T and Sherry, Stephen T and others},
  journal={Bioinformatics},
  volume={27},
  number={15},
  pages={2156--2158},
  year={2011},
  publisher={Oxford University Press}
}

@article{kalyaanamoorthy2017modelfinder,
  title={ModelFinder: fast model selection for accurate phylogenetic estimates},
  author={Kalyaanamoorthy, Subha and Minh, Bui Quang and Wong, Thomas KF and von Haeseler, Arndt and Jermiin, Lars S},
  journal={Nature Methods},
  volume={14},
  number={6},
  pages={587--589},
  year={2017},
  publisher={Nature Publishing Group}
}

@article{hoang2018ufboot2,
  title={UFBoot2: improving the ultrafast bootstrap approximation},
  author={Hoang, Diep Thi and Chernomor, Olga and Von Haeseler, Arndt and Minh, Bui Quang and Vinh, Le Sy},
  journal={Molecular Biology and Evolution},
  volume={35},
  number={2},
  pages={518--522},
  year={2018},
  publisher={Oxford University Press}
}

@article{minh2020iq,
  title={IQ-TREE 2: New models and efficient methods for phylogenetic inference in the genomic era},
  author={Minh, Bui Quang and Schmidt, Heiko A and Chernomor, Olga and Schrempf, Dominik and Woodhams, Michael D and Von Haeseler, Arndt and Lanfear, Robert},
  journal={Molecular Biology and Evolution},
  volume={37},
  number={5},
  pages={1530--1534},
  year={2020},
  publisher={Oxford University Press}
}

@article{minh2020new,
  title={New methods to calculate concordance factors for phylogenomic datasets},
  author={Minh, Bui Quang and Hahn, Matthew W and Lanfear, Robert},
  journal={Molecular Biology and Evolution},
  volume={37},
  number={9},
  pages={2727--2733},
  year={2020},
  publisher={Oxford University Press}
}

@article{chifman2014quartet,
  title={Quartet inference from SNP data under the coalescent model},
  author={Chifman, Julia and Kubatko, Laura},
  journal={Bioinformatics},
  volume={30},
  number={23},
  pages={3317--3324},
  year={2014},
  publisher={Oxford University Press}
}

@MISC{Swofford03paup:phylogenetic,
    author = {David L. Swofford},
    title = {PAUP*: Phylogenetic Analysis Using Parsimony (and other methods) Version 4.0 beta},
    year = {2003}
}

@Manual{RCoreTeam2020,
    title = {R: A Language and Environment for Statistical Computing},
    author = {{R Core Team}},
    organization = {R Foundation for Statistical Computing},
    address = {Vienna, Austria},
    year = {2020},
    url = {https://www.R-project.org/},
  }

@Manual{Habel2019:geometry,
    title = {geometry: Mesh Generation and Surface Tessellation},
    author = {Kai Habel and Raoul Grasman and Robert B. Gramacy and Pavlo Mozharovskyi and David C. Sterratt},
    year = {2019},
    note = {R package version 0.4.5},
    url = {https://CRAN.R-project.org/package=geometry},
  }
  
@book{mclachlan2004finite,
  title={Finite mixture models},
  author={McLachlan, Geoffrey J and Peel, David},
  year={2004},
  publisher={John Wiley \& Sons}
}

@article{croux2007algorithms,
  title={Algorithms for projection--pursuit robust principal component analysis},
  author={Croux, Christophe and Filzmoser, Peter and Oliveira, Maria Rosario},
  journal={Chemometrics and Intelligent Laboratory Systems},
  volume={87},
  number={2},
  pages={218--225},
  year={2007},
  publisher={Elsevier}
}

@article{raftery2006variable,
  title={Variable selection for model-based clustering},
  author={Raftery, Adrian E and Dean, Nema},
  journal={Journal of the American Statistical Association},
  volume={101},
  number={473},
  pages={168--178},
  year={2006},
  publisher={Taylor \& Francis}
}

@article{maugis2009variable,
  title={Variable selection in model-based clustering: A general variable role modeling},
  author={Maugis, Cathy and Celeux, Gilles and Martin-Magniette, M-L},
  journal={Computational Statistics \& Data Analysis},
  volume={53},
  number={11},
  pages={3872--3882},
  year={2009},
  publisher={Elsevier}
}

@article{fisher1919xv,
  title={XV.—The correlation between relatives on the supposition of Mendelian inheritance.},
  author={Fisher, Ronald A},
  journal={Earth and Environmental Science Transactions of the Royal Society of Edinburgh},
  volume={52},
  number={2},
  pages={399--433},
  year={1919},
  publisher={Royal Society of Edinburgh Scotland Foundation}
}

@article{cadena2018issues,
  title={Issues and perspectives in species delimitation using phenotypic data: Atlantean evolution in Darwin’s finches},
  author={Cadena, Carlos Daniel and Zapata, Felipe and Jim{\'e}nez, Iv{\'a}n},
  journal={Systematic Biology},
  volume={67},
  number={2},
  pages={181--194},
  year={2018},
  publisher={Oxford University Press}
}

@article{mallet1995species,
  title={A species definition for the modern synthesis},
  author={Mallet, James},
  journal={Trends in Ecology \& Evolution},
  volume={10},
  number={7},
  pages={294--299},
  year={1995},
  publisher={Elsevier}
}

@article{patterson2006population,
  title={Population structure and eigenanalysis},
  author={Patterson, Nick and Price, Alkes L and Reich, David},
  journal={PLoS genet},
  volume={2},
  number={12},
  pages={e190},
  year={2006},
  publisher={Public Library of Science}
}

@article{zheng2012high,
  title={A high-performance computing toolset for relatedness and principal component analysis of SNP data},
  author={Zheng, Xiuwen and Levine, David and Shen, Jess and Gogarten, Stephanie M and Laurie, Cathy and Weir, Bruce S},
  journal={Bioinformatics},
  volume={28},
  number={24},
  pages={3326--3328},
  year={2012},
  publisher={Oxford University Press}
}

@article{alexander2009admixture,
title={{Fast model-based estimation of ancestry in unrelated individuals}}, author={Alexander, D.H. and Novembre, J. and Lange, K.},
journal={Genome Research},
volume={19},
pages={1655--1664},
year={2009},
publisher={Cold Spring Harbor Lab},
doi={10.1101/gr.094052.109}}

@techreport{doyle1987rapid,
  title={A rapid DNA isolation procedure for small quantities of fresh leaf tissue},
  author={Doyle, Jeff J and Doyle, Jan L},
  year={1987}
}

@article{Cullings1992,
  title={Design and testing of a plant-specific PCR primer for ecological and evolutionary studies},
  author={Cullings, KW},
  journal={Molecular ecology},
  volume={1},
  number={4},
  pages={233--240},
  year={1992},
  publisher={Wiley Online Library}
}

@article{li2007optimized,
  title={An optimized mini-preparation method to obtain high-quality genomic DNA from mature leaves of sunflower},
  author={Li, JT and Yang, J and Chen, DC and Zhang, XL and Tang, ZS},
  journal={Genet. Mol. Res},
  volume={6},
  number={4},
  pages={1064--1071},
  year={2007}
}

@article{hausdorf2010species,
  title={Species delimitation using dominant and codominant multilocus markers},
  author={Hausdorf, Bernhard and Hennig, Christian},
  journal={Systematic Biology},
  volume={59},
  number={5},
  pages={491--503},
  year={2010},
  publisher={Oxford University Press}
}

@article{bowcock1994high,
  title={High resolution of human evolutionary trees with polymorphic microsatellites},
  author={Bowcock, Anne M and Ruiz-Linares, Andres and Tomfohrde, James and Minch, Eric and Kidd, Judith R and Cavalli-Sforza, L Luca},
  journal={Nature},
  volume={368},
  number={6470},
  pages={455--457},
  year={1994},
  publisher={Springer}
}

@incollection{baum1995genealogical,
author = {Baum, David A and Shaw, Kerry L},
title = {{Genealogical perspectives on the species problem}},
booktitle = {Experimental and Molecular Approaches to Plant Biosystematics},
year = {1995},
editor = {Hoch, Peter C},
pages = {289--303},
organization = {Missouri Botanical Garden Press},
address = {St. Louis},
month = feb,
affiliation = {Missouri Botanical Garden Press},
rating = {0},
date-added = {2014-07-22T15:11:10GMT},
date-modified = {2020-12-07T01:00:32GMT},
url = {http://scholar.google.com/scholar?client=safari&rls=en&q=Principles%20of%20genealogical%20concordance%20in%20species%20concepts%20and%20biological%20taxonomy&oe=UTF-8&um=1&ie=UTF-8&sa=N&hl=en&tab=ws},
local-url = {file://localhost/Users/felipezapata/Dropbox/Papers/Library.papers3/Files/A5/A5F18FDD-3634-48E4-A358-812147C3CE34.pdf},
file = {{A5F18FDD-3634-48E4-A358-812147C3CE34.pdf:/Users/felipezapata/Dropbox/Papers/Library.papers3/Files/A5/A5F18FDD-3634-48E4-A358-812147C3CE34.pdf:application/pdf}},
uri = {\url{papers3://publication/uuid/BB33A185-9CD2-4B52-97DB-011E0DC699FD}}
}


@article{zhang2013general,
  title={A general species delimitation method with applications to phylogenetic placements},
  author={Zhang, Jiajie and Kapli, Paschalia and Pavlidis, Pavlos and Stamatakis, Alexandros},
  journal={Bioinformatics},
  volume={29},
  number={22},
  pages={2869--2876},
  year={2013},
  publisher={Oxford University Press}
}

@article{kapli2017multi,
  title={Multi-rate Poisson tree processes for single-locus species delimitation under maximum likelihood and Markov chain Monte Carlo},
  author={Kapli, Paschalia and Lutteropp, Sarah and Zhang, Jiajie and Kobert, Kassian and Pavlidis, Pavlos and Stamatakis, Alexandros and Flouri, Tomas},
  journal={Bioinformatics},
  volume={33},
  number={11},
  pages={1630--1638},
  year={2017},
  publisher={Oxford University Press}
}

@Article{Revell2012,
    title = {phytools: An R package for phylogenetic comparative biology (and other things).},
    author = {Liam J. Revell},
    journal = {Methods in Ecology and Evolution},
    year = {2012},
    volume = {3},
    pages = {217-223},
  }
  
@book{mayr1970populations,
  title={Populations, species, and evolution: an abridgment of animal species and evolution},
  author={Mayr, Ernst},
  volume={19},
  year={1970},
  publisher={Harvard University Press}
}

@book{barraclough2019evolutionary,
  title={The evolutionary biology of species},
  author={Barraclough, Timothy G},
  year={2019},
  publisher={Oxford University Press}
}

@article{rieseberg2006nature,
  title={The nature of plant species},
  author={Rieseberg, Loren H and Wood, Troy E and Baack, Eric J},
  journal={Nature},
  volume={440},
  number={7083},
  pages={524--527},
  year={2006},
  publisher={Nature Publishing Group}
}

@article{levin1979nature,
  title={The nature of plant species},
  author={Levin, Donald A},
  journal={Science},
  volume={204},
  number={4391},
  pages={381--384},
  year={1979},
  publisher={American Association for the Advancement of Science}
}

@article{lewis1959nature,
  title={The nature of plant species},
  author={Lewis, Harlan},
  journal={Journal of the Arizona Academy of Science},
  volume={1},
  number={1},
  pages={3--7},
  year={1959},
  publisher={JSTOR}
}

@article{mayr1992local,
  title={A local flora and the biological species concept},
  author={Mayr, Ernst},
  journal={American Journal of Botany},
  volume={79},
  number={2},
  pages={222--238},
  year={1992},
  publisher={Wiley Online Library}
}

@book{sneath1973numerical,
  title={Numerical taxonomy. The principles and practice of numerical classification.},
  author={Sneath, Peter HA and Sokal, Robert R},
  year={1973}
}

@article{carstens2013fail,
  title={How to fail at species delimitation},
  author={Carstens, Bryan C and Pelletier, Tara A and Reid, Noah M and Satler, Jordan D},
  journal={Molecular ecology},
  volume={22},
  number={17},
  pages={4369--4383},
  year={2013},
  publisher={Wiley Online Library}
}

@article{ehrlich1969differentiation,
  title={Differentiation of populations},
  author={Ehrlich, Paul R and Raven, Peter H},
  journal={Science},
  pages={1228--1232},
  year={1969},
  publisher={JSTOR}
}


@incollection{de1998general,
author = {de Queiroz, Kevin},
title = {{The General Lineage Concept of Species, Species Criteria, and the Process}},
booktitle = {Endless forms: Species and speciation},
year = {1998},
editor = {Harrison, Richard G and Berlocher, Stewart H},
pages = {57--75},
address = {New York},
month = oct,
read = {Yes},
rating = {0},
date-added = {2015-01-13T18:46:59GMT},
date-modified = {2018-08-04T17:36:50GMT},
url = {https://repository.si.edu/bitstream/handle/10088/4652/1998deQueirozEndlessFormsOCR.pdf?sequence=3&isAllowed=y},
local-url = {file://localhost/Users/felipezapata/Dropbox/Papers/Library.papers3/Files/EE/EE02BE2D-7328-41A5-B017-494C8D5761CC.pdf},
file = {{EE02BE2D-7328-41A5-B017-494C8D5761CC.pdf:/Users/felipezapata/Dropbox/Papers/Library.papers3/Files/EE/EE02BE2D-7328-41A5-B017-494C8D5761CC.pdf:application/pdf}},
uri = {\url{papers3://publication/uuid/F5FEEA42-72BD-420D-8FEA-AD1AEAC8B4D4}}
}

@book{levin2000origin,
  title={The origin, expansion, and demise of plant species},
  author={Levin, Donald A},
  year={2000},
  publisher={Oxford University Press on Demand}
}

@book{coyne2004speciation,
  title={Speciation},
  author={Coyne, Jerry A and Orr, H Allen},
  volume={37},
  year={2004},
  publisher={Sinauer Associates Sunderland, MA}
}

@article{zapata2013multilocus,
  title={{A multilocus phylogenetic analysis of Escallonia (Escalloniaceae): diversification in montane South America}},
  author={Zapata, Felipe},
  journal={American Journal of Botany},
  volume={100},
  number={3},
  pages={526--545},
  year={2013},
  publisher={Wiley Online Library}
}

@article{bellman1958dynamic,
  title={Dynamic programming and stochastic control processes},
  author={Bellman, Richard},
  journal={Information and control},
  volume={1},
  number={3},
  pages={228--239},
  year={1958},
  publisher={Elsevier}
}

@book{hastie2009elements,
  title={The elements of statistical learning: data mining, inference, and prediction},
  author={Hastie, Trevor and Tibshirani, Robert and Friedman, Jerome},
  year={2009},
  publisher={Springer Science \& Business Media}
}

@article{stevens2000botanical,
  title={Botanical systematics 1950-2000: change, progress, or both?},
  author={Stevens, Peter F},
  journal={Taxon},
  volume={49},
  number={4},
  pages={635--659},
  year={2000},
  publisher={Wiley Online Library}
}

@book{dobzhansky1937genetics,
  title={Genetics and the Origin of Species},
  author={Dobzhansky, Theodosius},
  number={11},
  year={1937},
  publisher={Columbia university press}
}

@article{barraclough2015evolutionary,
  title={The evolutionary reality of species and higher taxa in plants: a survey of post-modern opinion and evidence},
  author={Barraclough, Timothy G and Humphreys, Aelys M},
  journal={New Phytologist},
  volume={207},
  number={2},
  pages={291--296},
  year={2015},
  publisher={Wiley Online Library}
}

@article{mallet2008hybridization,
  title={Hybridization, ecological races and the nature of species: empirical evidence for the ease of speciation},
  author={Mallet, James},
  journal={Philosophical Transactions of the Royal Society B: Biological Sciences},
  volume={363},
  number={1506},
  pages={2971--2986},
  year={2008},
  publisher={The Royal Society London}
}

@article{fivser2018cryptic,
  title={Cryptic species as a window into the paradigm shift of the species concept},
  author={Fi{\v{s}}er, Cene and Robinson, Christopher T and Malard, Florian},
  journal={Molecular Ecology},
  volume={27},
  number={3},
  pages={613--635},
  year={2018},
  publisher={Wiley Online Library}
}

@article{yang2010bayesian,
  title={Bayesian species delimitation using multilocus sequence data},
  author={Yang, Ziheng and Rannala, Bruce},
  journal={Proceedings of the National Academy of Sciences},
  volume={107},
  number={20},
  pages={9264--9269},
  year={2010},
  publisher={National Acad Sciences}
}

@article{leache2014species,
  title={Species delimitation using genome-wide SNP data},
  author={Leach{\'e}, Adam D and Fujita, Matthew K and Minin, Vladimir N and Bouckaert, Remco R},
  journal={Systematic biology},
  volume={63},
  number={4},
  pages={534--542},
  year={2014},
  publisher={Oxford University Press}
}

@article{mason2020coalescent,
  title={Coalescent-based species delimitation is sensitive to geographic sampling and isolation by distance},
  author={Mason, Nicholas A and Fletcher, Nicholas K and Gill, Brian A and Funk, W Chris and Zamudio, Kelly R},
  journal={Systematics and Biodiversity},
  volume={18},
  number={3},
  pages={269--280},
  year={2020},
  publisher={Taylor \& Francis}
}

@article{baum1998individuality,
  title={Individuality and the existence of species through time},
  author={Baum, David A},
  journal={Systematic Biology},
  volume={47},
  number={4},
  pages={641--653},
  year={1998},
  publisher={Society of Systematic Zoology}
}

@article{de2007species,
  title={Species concepts and species delimitation},
  author={De Queiroz, Kevin},
  journal={Systematic biology},
  volume={56},
  number={6},
  pages={879--886},
  year={2007},
  publisher={Society of Systematic Zoology}
}

@Manual{Hennig2019,
    title = {prabclus: Functions for Clustering of Presence-Absence, Abundance and
Multilocus Genetic Data},
    author = {Christian Hennig and Bernhard Hausdorf},
    year = {2019},
    note = {R package version 2.2-7},
    url = {https://CRAN.R-project.org/package=prabclus},
  }

@book{templeton2006population,
  title={Population genetics and microevolutionary theory},
  author={Templeton, Alan R},
  year={2006},
  publisher={John Wiley \& Sons}
}

@article{frary2003qtl,
  title={QTL analysis of morphological traits in eggplant and implications for conservation of gene function during evolution of solanaceous species},
  author={Frary, Anne and Doganlar, S and Daunay, Marie-Christine and Tanksley, Steven D},
  journal={Theoretical and Applied Genetics},
  volume={107},
  number={2},
  pages={359--370},
  year={2003},
  publisher={Springer}
}

@article{frary2004comparative,
  title={A comparative study of the genetic bases of natural variation in tomato leaf, sepal, and petal morphology},
  author={Frary, Amy and Fritz, Lisa A and Tanksley, Steven D},
  journal={Theoretical and Applied Genetics},
  volume={109},
  number={3},
  pages={523--533},
  year={2004},
  publisher={Springer}
}

@article{ferris2015leaf,
  title={Leaf shape evolution has a similar genetic architecture in three edaphic specialists within the Mimulus guttatus species complex},
  author={Ferris, Kathleen G and Rushton, Tullia and Greenlee, Anna B and Toll, Katherine and Blackman, Benjamin K and Willis, John H},
  journal={Annals of botany},
  volume={116},
  number={2},
  pages={213--223},
  year={2015},
  publisher={Oxford University Press}
}

@article{abraham2013natural,
  title={Natural variation identifies multiple loci controlling petal shape and size in Arabidopsis thaliana},
  author={Abraham, Mary C and Metheetrairut, Chanatip and Irish, Vivian F},
  journal={PLoS One},
  volume={8},
  number={2},
  pages={e56743},
  year={2013},
  publisher={Public Library of Science}
}

@article{brock2010floral,
  title={Floral genetic architecture: an examination of QTL architecture underlying floral (co) variation across environments},
  author={Brock, Marcus T and Dechaine, Jennifer M and Iniguez-Luy, Federico L and Maloof, Julin N and Stinchcombe, John R and Weinig, Cynthia},
  journal={Genetics},
  volume={186},
  number={4},
  pages={1451--1465},
  year={2010},
  publisher={Genetics Soc America}
}

@article{zhang2018genetic,
  title={The genetic architecture of floral traits in the woody plant Prunus mume},
  author={Zhang, Qixiang and Zhang, He and Sun, Lidan and Fan, Guangyi and Ye, Meixia and Jiang, Libo and Liu, Xin and Ma, Kaifeng and Shi, Chengcheng and Bao, Fei and others},
  journal={Nature communications},
  volume={9},
  number={1},
  pages={1--12},
  year={2018},
  publisher={Nature Publishing Group}
}

@misc{futuyma2013evolution,
  title={Evolution. Sunderland, MA},
  author={Futuyma, Douglas J},
  year={2013},
  publisher={Sinauer Associates, Inc}
}

@article{Rannala:2003vt,
author = {Rannala, Bruce and Yang, Ziheng},
title = {{Bayes Estimation of Species Divergence Times and Ancestral Population Sizes Using DNA Sequences From Multiple Loci}},
journal = {Genetics},
year = {2003},
volume = {164},
number = {4},
pages = {1645--1656},
month = aug,
publisher = {Genetics Society of America},
affiliation = {Department of Medical Genetics, University of Alberta, Edmonton, Alberta T6G 2H7, Canada.},
pmid = {12930768},
pmcid = {PMC1462670},
language = {English},
read = {Yes},
rating = {0},
date-added = {2014-08-04T20:49:01GMT},
date-modified = {2020-11-22T05:50:46GMT},
abstract = {Abstract The effective population sizes of ancestral as well as modern species are important parameters in models of population genetics and human evolution. The commonly used method for estimating ancestral population sizes, based on counting mismatches between ... 
},
url = {http://www.genetics.org/content/164/4/1645.full},
local-url = {file://localhost/Users/felipezapata/Dropbox/Papers/Library.papers3/Files/82/82B73C1E-25E5-4DCD-A4EB-06A6F65EBA98.pdf},
file = {{82B73C1E-25E5-4DCD-A4EB-06A6F65EBA98.pdf:/Users/felipezapata/Dropbox/Papers/Library.papers3/Files/82/82B73C1E-25E5-4DCD-A4EB-06A6F65EBA98.pdf:application/pdf;82B73C1E-25E5-4DCD-A4EB-06A6F65EBA98.pdf:/Users/felipezapata/Dropbox/Papers/Library.papers3/Files/82/82B73C1E-25E5-4DCD-A4EB-06A6F65EBA98.pdf:application/pdf}},
uri = {\url{papers3://publication/uuid/9E59EDDF-C904-467A-9E2A-17457E41AC4E}}
}

@article{Yang:2010jz,
author = {Yang, Ziheng and Rannala, Bruce and Edwards, Scott V},
title = {{Bayesian species delimitation using multilocus sequence data}},
journal = {Proceedings of the National Academy of Sciences},
year = {2010},
volume = {107},
number = {20},
pages = {9264--9269},
month = may,
publisher = {National Academy of Sciences},
doi = {10.2307/25681581?ref=no-x-route:13e0febe1c43bfa62804f04f4877d757},
language = {English},
read = {Yes},
rating = {0},
date-added = {2014-09-15T13:49:01GMT},
date-modified = {2020-11-22T05:51:23GMT},
abstract = {In the absence of recent admixture between species, bipartitions of individuals in gene trees that are shared across loci can potentially be used to infer the presence of two or more species. This approach to species delimitation via molecular sequence data has been constrained by the fact that genealogies for individual loci are often poorly resolved and that ancestral lineage sorting, hybridization, and other population genetic processes can lead to discordant gene trees. Here we use a Bayesian modeling approach to generate the posterior probabilities of species assignments taking account of uncertainties due to unknown gene trees and the ancestral coalescent process. For tractability, we rely on a user-specified guide tree to avoid integrating over all possible species delimitations. The statistical performance of the method is examined using simulations, and the method is illustrated by analyzing sequence data from rotifers, fence lizards, and human populations.},
local-url = {file://localhost/Users/felipezapata/Dropbox/Papers/Library.papers3/Files/F0/F0A10EBF-C082-4C77-97F5-05E47A906287.pdf},
file = {{F0A10EBF-C082-4C77-97F5-05E47A906287.pdf:/Users/felipezapata/Dropbox/Papers/Library.papers3/Files/F0/F0A10EBF-C082-4C77-97F5-05E47A906287.pdf:application/pdf}},
uri = {\url{papers3://publication/doi/10.2307/25681581?ref=no-x-route:13e0febe1c43bfa62804f04f4877d757}}
}

@article{Flouri:2018es,
author = {Flouri, Tom{\'a}{\v s} and Jiao, Xiyun and Rannala, Bruce and Yang, Ziheng},
title = {{Species Tree Inference with BPP Using Genomic Sequences and the Multispecies Coalescent}},
journal = {Molecular Biology and Evolution},
year = {2018},
volume = {35},
number = {10},
pages = {2585--2593},
month = jul,
doi = {10.1093/molbev/msy147},
language = {English},
rating = {0},
date-added = {2020-04-16T19:45:48GMT},
date-modified = {2020-11-22T06:53:36GMT},
url = {https://academic.oup.com/mbe/article/35/10/2585/5057515},
local-url = {file://localhost/Users/felipezapata/Dropbox/Papers/Library.papers3/Files/76/76B988C7-410A-42F2-BFBC-A0C6691B7256.pdf},
file = {{76B988C7-410A-42F2-BFBC-A0C6691B7256.pdf:/Users/felipezapata/Dropbox/Papers/Library.papers3/Files/76/76B988C7-410A-42F2-BFBC-A0C6691B7256.pdf:application/pdf}},
uri = {\url{papers3://publication/doi/10.1093/molbev/msy147}}
}

@article{verity2016estimating,
  title={Estimating the number of subpopulations (K) in structured populations},
  author={Verity, Robert and Nichols, Richard A},
  journal={Genetics},
  volume={203},
  number={4},
  pages={1827--1839},
  year={2016},
  publisher={Genetics Soc America}
}

@article{besnier2013parallelstructure,
  title={ParallelStructure: AR package to distribute parallel runs of the population genetics program STRUCTURE on multi-core computers},
  author={Besnier, Francois and Glover, Kevin A},
  journal={PLoS One},
  volume={8},
  number={7},
  pages={e70651},
  year={2013},
  publisher={Public Library of Science}
}

@article{jakobsson2007clumpp,
  title={CLUMPP: a cluster matching and permutation program for dealing with label switching and multimodality in analysis of population structure},
  author={Jakobsson, Mattias and Rosenberg, Noah A},
  journal={Bioinformatics},
  volume={23},
  number={14},
  pages={1801--1806},
  year={2007},
  publisher={Oxford University Press}
}

@article{pritchard2000inference,
  title={Inference of population structure using multilocus genotype data},
  author={Pritchard, Jonathan K and Stephens, Matthew and Donnelly, Peter},
  journal={Genetics},
  volume={155},
  number={2},
  pages={945--959},
  year={2000},
  publisher={Genetics Soc America}
}

@article{evanno2005detecting,
  title={Detecting the number of clusters of individuals using the software STRUCTURE: a simulation study},
  author={Evanno, Guillaume and Regnaut, Sebastien and Goudet, J{\'e}r{\^o}me},
  journal={Molecular ecology},
  volume={14},
  number={8},
  pages={2611--2620},
  year={2005},
  publisher={Wiley Online Library}
}

@article{earl2012structure,
  title={STRUCTURE HARVESTER: a website and program for visualizing STRUCTURE output and implementing the Evanno method},
  author={Earl, Dent A and others},
  journal={Conservation genetics resources},
  volume={4},
  number={2},
  pages={359--361},
  year={2012},
  publisher={Springer}
}

@article{yang2015bpp,
  title={The BPP program for species tree estimation and species delimitation},
  author={Yang, Ziheng},
  journal={Current Zoology},
  volume={61},
  number={5},
  pages={854--865},
  year={2015},
  publisher={Oxford University Press}
}

@article{yang2014unguided,
  title={Unguided species delimitation using DNA sequence data from multiple loci},
  author={Yang, Ziheng and Rannala, Bruce},
  journal={Molecular Biology and Evolution},
  volume={31},
  number={12},
  pages={3125--3135},
  year={2014},
  publisher={Oxford University Press}
}

@article{Leache:2014jg,
author = {Leache, Adam D and Fujita, Matthew K and Minin, V N and Bouckaert, R R},
title = {{Species Delimitation using Genome-Wide SNP Data}},
journal = {Systematic Biology},
year = {2014},
volume = {63},
number = {4},
pages = {534--542},
month = jun,
doi = {10.1093/sysbio/syu018},
language = {English},
read = {Yes},
rating = {0},
date-added = {2015-12-26T03:56:13GMT},
date-modified = {2020-09-01T23:10:08GMT},
url = {http://sysbio.oxfordjournals.org/cgi/doi/10.1093/sysbio/syu018},
local-url = {file://localhost/Users/felipezapata/Dropbox/Papers/Library.papers3/Files/6E/6E2FB8B4-C835-463E-8803-9FC633E73E44.pdf},
file = {{6E2FB8B4-C835-463E-8803-9FC633E73E44.pdf:/Users/felipezapata/Dropbox/Papers/Library.papers3/Files/6E/6E2FB8B4-C835-463E-8803-9FC633E73E44.pdf:application/pdf}},
uri = {\url{papers3://publication/doi/10.1093/sysbio/syu018}}
}


@article{Bryant:2012ep,
author = {Bryant, David and Bouckaert, R and Felsenstein, Joseph and Rosenberg, N A and RoyChoudhury, A},
title = {{Inferring Species Trees Directly from Biallelic Genetic Markers: Bypassing Gene Trees in a Full Coalescent Analysis}},
journal = {Molecular Biology and Evolution},
year = {2012},
volume = {29},
number = {8},
pages = {1917--1932},
month = jul,
doi = {10.1093/molbev/mss086},
language = {English},
read = {Yes},
rating = {0},
date-added = {2015-12-27T20:34:00GMT},
date-modified = {2020-11-24T08:51:30GMT},
url = {http://mbe.oxfordjournals.org/cgi/doi/10.1093/molbev/mss086},
local-url = {file://localhost/Users/felipezapata/Dropbox/Papers/Library.papers3/Files/F7/F727802A-6182-42B0-B3E7-E63769CC8FDD.pdf},
file = {{F727802A-6182-42B0-B3E7-E63769CC8FDD.pdf:/Users/felipezapata/Dropbox/Papers/Library.papers3/Files/F7/F727802A-6182-42B0-B3E7-E63769CC8FDD.pdf:application/pdf}},
uri = {\url{papers3://publication/doi/10.1093/molbev/mss086}}
}

@article{Bouckaert:2014iz,
author = {Bouckaert, Remco and Heled, Joseph and K{\"u}hnert, Denise and Vaughan, Tim and Wu, Chieh-Hsi and Xie, Dong and Suchard, Marc A and Rambaut, Andrew and Drummond, Alexei J},
title = {{BEAST 2: A Software Platform for Bayesian Evolutionary Analysis}},
journal = {PLoS Computational Biology},
year = {2014},
volume = {10},
number = {4},
pages = {e1003537--6},
month = apr,
publisher = {Public Library of Science},
doi = {10.1371/journal.pcbi.1003537},
language = {English},
rating = {0},
date-added = {2016-04-08T23:03:41GMT},
date-modified = {2016-07-27T23:47:42GMT},
abstract = {We present a new open source, extensible and flexible software platform for Bayesian evolutionary analysis called BEAST 2. This software platform is a re-design of the popular BEAST 1 platform to correct structural deficiencies that became evident as the BEAST 1 software evolved. Key among those deficiencies was the lack of post-deployment extensibility. BEAST 2 now has a fully developed package management system that allows third party developers to write additional functionality that can be directly installed to the BEAST 2 analysis platform via a package manager without requiring a new software release of the platform. This package architecture is showcased with a number of recently published new models encompassing birth-death-sampling tree priors, phylodynamics and model averaging for substitution models and site partitioning. A second major improvement is the ability to read/write the entire state of the MCMC chain to/from disk allowing it to be easily shared between multiple instances of the BEAST software. This facilitates checkpointing and better support for multi-processor and high-end computing extensions. Finally, the functionality in new packages can be easily added to the user interface (BEAUti 2) by a simple XML template-based mechanism because BEAST 2 has been re-designed to provide greater integration between the analysis engine and the user interface so that, for example BEAST and BEAUti use exactly the same XML file format.},
url = {http://dx.plos.org/10.1371/journal.pcbi.1003537},
local-url = {file://localhost/Users/felipezapata/Dropbox/Papers/Library.papers3/Files/BC/BCC16C46-5069-40AC-BF65-75AAA713272E.pdf},
file = {{BCC16C46-5069-40AC-BF65-75AAA713272E.pdf:/Users/felipezapata/Dropbox/Papers/Library.papers3/Files/BC/BCC16C46-5069-40AC-BF65-75AAA713272E.pdf:application/pdf;BCC16C46-5069-40AC-BF65-75AAA713272E.pdf:/Users/felipezapata/Dropbox/Papers/Library.papers3/Files/BC/BCC16C46-5069-40AC-BF65-75AAA713272E.pdf:application/pdf}},
uri = {\url{papers3://publication/doi/10.1371/journal.pcbi.1003537}}
}

@article{minh2020new,
  title={New methods to calculate concordance factors for phylogenomic datasets},
  author={Minh, Bui Quang and Hahn, Matthew W and Lanfear, Robert},
  journal={Molecular biology and evolution},
  volume={37},
  number={9},
  pages={2727--2733},
  year={2020},
  publisher={Oxford University Press}
}

@article{kass1995bayes,
  title={Bayes factors},
  author={Kass, Robert E and Raftery, Adrian E},
  journal={Journal of the american statistical association},
  volume={90},
  number={430},
  pages={773--795},
  year={1995},
  publisher={Taylor \& Francis}
}

@inproceedings{miller2010creating,
  title={Creating the CIPRES Science Gateway for inference of large phylogenetic trees},
  author={Miller, Mark A and Pfeiffer, Wayne and Schwartz, Terri},
  booktitle={2010 gateway computing environments workshop (GCE)},
  pages={1--8},
  year={2010},
  organization={Ieee}
}

@article{goddman1954measures,
  title={Measures of association for cross classification},
  author={Goddman, LA and Kruskal, WH},
  journal={Journal of the American Statistical Association},
  volume={49},
  pages={732--764},
  year={1954}
}

@Manual{PearsonGKt2016,
    title = {GoodmanKruskal: Association Analysis for Categorical Variables},
    author = {Ron Pearson},
    year = {2016},
    note = {R package version 0.0.2},
    url = {https://CRAN.R-project.org/package=GoodmanKruskal},
  }
  
@article{cadena2021genomic,
  title={The genomic revolution and species delimitation in birds (and other organisms): gene flow matters, but what about other evolutionary forces?},
  author={Cadena, Carlos Daniel and Zapata, Felipe},
  journal={Ortnithology},
  volume={},
  pages={},
  year={2021}
}

@article{weir2011limits,
  title={Limits to speciation inferred from times to secondary sympatry and ages of hybridizing species along a latitudinal gradient},
  author={Weir, Jason T and Price, Trevor D},
  journal={The American Naturalist},
  volume={177},
  number={4},
  pages={462--469},
  year={2011},
  publisher={University of Chicago Press Chicago, IL}
}

@article{singhal2013reproductive,
  title={Reproductive isolation between phylogeographic lineages scales with divergence},
  author={Singhal, Sonal and Moritz, Craig},
  journal={Proceedings of the Royal Society B: Biological Sciences},
  volume={280},
  number={1772},
  pages={20132246},
  year={2013},
  publisher={The Royal Society}
}

@article{filatov2016demographic,
  title={Demographic history of speciation in a Senecio altitudinal hybrid zone on Mt. Etna},
  author={Filatov, Dmitry A and Osborne, Owen G and Papadopulos, Alexander ST},
  journal={Molecular Ecology},
  volume={25},
  number={11},
  pages={2467--2481},
  year={2016},
  publisher={Wiley Online Library}
}

@article{struck2018finding,
  title={Finding evolutionary processes hidden in cryptic species},
  author={Struck, Torsten H and Feder, Jeffrey L and Bendiksby, Mika and Birkeland, Siri and Cerca, Jos{\'e} and Gusarov, Vladimir I and Kistenich, Sonja and Larsson, Karl-Henrik and Liow, Lee Hsiang and Nowak, Michael D and others},
  journal={Trends in Ecology \& Evolution},
  volume={33},
  number={3},
  pages={153--163},
  year={2018},
  publisher={Elsevier}
}

@article{wiens2004speciation,
  title={Speciation and ecology revisited: phylogenetic niche conservatism and the origin of species},
  author={Wiens, John J},
  journal={Evolution},
  volume={58},
  number={1},
  pages={193--197},
  year={2004},
  publisher={Wiley Online Library}
}

@article{lotsy1925species,
  title={Species or linneon},
  author={Lotsy, JP},
  journal={Genetica},
  volume={7},
  number={5-6},
  pages={487--506},
  year={1925},
  publisher={Springer}
}

@article{cannon2020oak,
  title={The oak syngameon: more than the sum of its parts},
  author={Cannon, Charles H and Petit, R{\'e}my J},
  journal={New Phytologist},
  volume={226},
  number={4},
  pages={978--983},
  year={2020},
  publisher={Wiley Online Library}
}

@article{cronk2018role,
  title={The role of interspecific hybridization in adaptive potential at range margins},
  author={Cronk, Quentin C and Suarez-Gonzalez, Adriana},
  journal={Molecular Ecology},
  volume={27},
  number={23},
  pages={4653--4656},
  year={2018},
  publisher={Wiley Online Library}
}

@article{mallet2016reticulated,
  title={How reticulated are species?},
  author={Mallet, James and Besansky, Nora and Hahn, Matthew W},
  journal={BioEssays},
  volume={38},
  number={2},
  pages={140--149},
  year={2016},
  publisher={Wiley Online Library}
}

@article{wang2020genes,
  title={Genes and speciation: is it time to abandon the biological species concept?},
  author={Wang, Xinfeng and He, Ziwen and Shi, Suhua and Wu, Chung-I},
  journal={National Science Review},
  volume={7},
  number={8},
  pages={1387--1397},
  year={2020},
  publisher={Oxford University Press}
}

@article{novikova2016sequencing,
  title={Sequencing of the genus Arabidopsis identifies a complex history of nonbifurcating speciation and abundant trans-specific polymorphism},
  author={Novikova, Polina Yu and Hohmann, Nora and Nizhynska, Viktoria and Tsuchimatsu, Takashi and Ali, Jamshaid and Muir, Graham and Guggisberg, Alessia and Paape, Tim and Schmid, Karl and Fedorenko, Olga M and others},
  journal={Nature Genetics},
  volume={48},
  number={9},
  pages={1077--1082},
  year={2016},
  publisher={Nature Publishing Group}
}

@article{divittorio2020natural,
  title={Natural selection maintains species despite frequent hybridization in the desert shrub Encelia},
  author={DiVittorio, Chris D and Singhal, Sonal and Roddy, Adam and Zapata, Felipe and Ackerly, David D and Baldwin, Bruce G and Brodersen, Craig R and B{\'u}rquez, Alberto and Fine, Paul VA and Flores, Mayra Padilla and others},
  journal={Proceedings of the National Academy of Sciences},
  volume={},
  number={},
  pages={},
  year={2021},
  publisher={National Acad Sciences}
}

@article{harrison2014hybridization,
  title={Hybridization, introgression, and the nature of species boundaries},
  author={Harrison, Richard G and Larson, Erica L},
  journal={Journal of Heredity},
  volume={105},
  number={S1},
  pages={795--809},
  year={2014},
  publisher={Oxford University Press}
}

@article{rundell2009adaptive,
  title={Adaptive radiation, nonadaptive radiation, ecological speciation and nonecological speciation},
  author={Rundell, Rebecca J and Price, Trevor D},
  journal={Trends in Ecology \& Evolution},
  volume={24},
  number={7},
  pages={394--399},
  year={2009},
  publisher={Elsevier}
}

@article{edelman2019genomic,
  title={Genomic architecture and introgression shape a butterfly radiation},
  author={Edelman, Nathaniel B and Frandsen, Paul B and Miyagi, Michael and Clavijo, Bernardo and Davey, John and Dikow, Rebecca B and Garc{\'\i}a-Accinelli, Gonzalo and Van Belleghem, Steven M and Patterson, Nick and Neafsey, Daniel E and others},
  journal={Science},
  volume={366},
  number={6465},
  pages={594--599},
  year={2019},
  publisher={American Association for the Advancement of Science}
}

@article{barth2020stable,
  title={Stable species boundaries despite ten million years of hybridization in tropical eels},
  author={Barth, Julia MI and Gubili, Chrysoula and Matschiner, Michael and T{\o}rresen, Ole K and Watanabe, Shun and Egger, Bernd and Han, Yu-San and Feunteun, Eric and Sommaruga, Ruben and Jehle, Robert and others},
  journal={Nature Communications},
  volume={11},
  number={1},
  pages={1--13},
  year={2020},
  publisher={Nature Publishing Group}
}

@article{cadena2021genomic,
  title={The genomic revolution and species delimitation in birds (and other organisms): Why phenotypes should not be overlooked},
  author={Cadena, Carlos Daniel and Zapata, Felipe},
  journal={The Auk},
  volume={138},
  number={2},
  pages={ukaa069},
  year={2021},
  publisher={Oxford University Press US}
}

@article{sede2013phylogenetics,
  title={{Phylogenetics of Escallonia (Escalloniaceae) based on plastid DNA sequence data}},
  author={Sede, Silvana M and D{\"u}rnh{\"o}fer, Sof{\'\i}a I and Morello, Santiago and Zapata, Felipe},
  journal={Botanical Journal of the Linnean Society},
  volume={173},
  number={3},
  pages={442--451},
  year={2013},
  publisher={Oxford University Press}
}

@article{mallet2008hybridization,
  title={Hybridization, ecological races and the nature of species: empirical evidence for the ease of speciation},
  author={Mallet, James},
  journal={Philosophical Transactions of the Royal Society B: Biological Sciences},
  volume={363},
  number={1506},
  pages={2971--2986},
  year={2008},
  publisher={The Royal Society London}
}

@article{valdivia2006floral,
  title={{Do floral syndromes predict specialisation in plant pollination systems? Assessment of diurnal and nocturnal pollination of Escallonia myrtoidea}},
  author={Valdivia, Carlos E and Niemeyer, Hermann M},
  journal={New Zealand Journal of Botany},
  volume={44},
  number={2},
  pages={135--141},
  year={2006},
  publisher={Taylor \& Francis}
}

@article{zielinski1955escallonia,
  title={{Escallonia: the genus and its chromosomes}},
  author={Zielinski, Quentin B},
  journal={Botanical Gazette},
  volume={117},
  number={2},
  pages={166--172},
  year={1955},
  publisher={The University of Chicago Press}
}

@article{sanders1983chromosome,
  title={Chromosome numbers from the flora of the Juan Fernandez Islands},
  author={Sanders, Roger W and Stuessy, Tod F and Rodriguez, Roberto},
  journal={American journal of botany},
  volume={70},
  number={6},
  pages={799--810},
  year={1983},
  publisher={Wiley Online Library}
}

@article{hanson2003first,
  title={First nuclear DNA C-values for 28 angiosperm genera},
  author={Hanson, Lynda and Brown, Rebecca L and Boyd, Amy and Johnson, Margaret AT and Bennett, Michael D},
  journal={Annals of Botany},
  volume={91},
  number={1},
  pages={31--38},
  year={2003},
  publisher={Oxford University Press}
}

@article{eastwood1929escallonias,
  title={{The Escallonias in Golden Gate Park, San Francisco, California: With Descriptions of New Species}},
  author={Eastwood, Alice},
  journal={California Academy of Sciences},
  volume={13},
  pages={385--391},
  year={1929}
}

@article{hipp2020genomic,
  title={Genomic landscape of the global oak phylogeny},
  author={Hipp, Andrew L and Manos, Paul S and Hahn, Marlene and Avishai, Michael and Bod{\'e}n{\`e}s, Cath{\'e}rine and Cavender-Bares, Jeannine and Crowl, Andrew A and Deng, Min and Denk, Thomas and Fitz-Gibbon, Sorel and others},
  journal={New Phytologist},
  volume={226},
  number={4},
  pages={1198--1212},
  year={2020},
  publisher={Wiley Online Library}
}

@article{nevado2018pleistocene,
  title={Pleistocene glacial cycles drive isolation, gene flow and speciation in the high-elevation Andes},
  author={Nevado, Bruno and Contreras-Ortiz, Natalia and Hughes, Colin and Filatov, Dmitry A},
  journal={New Phytologist},
  volume={219},
  number={2},
  pages={779--793},
  year={2018},
  publisher={Wiley Online Library}
}

@article{zapata2019new,
  title={{A new species of Escallonia (Escalloniaceae) from the inter-Andean tropical dry forests of Bolivia}},
  author={Zapata, Felipe and Villarroel, Daniel},
  journal={PeerJ},
  volume={7},
  pages={e6328},
  year={2019},
  publisher={PeerJ Inc.}
}

@article{chitwood2013quantitative,
  title={A quantitative genetic basis for leaf morphology in a set of precisely defined tomato introgression lines},
  author={Chitwood, Daniel H and Kumar, Ravi and Headland, Lauren R and Ranjan, Aashish and Covington, Michael F and Ichihashi, Yasunori and Fulop, Daniel and Jim{\'e}nez-G{\'o}mez, Jos{\'e} M and Peng, Jie and Maloof, Julin N and others},
  journal={The Plant Cell},
  volume={25},
  number={7},
  pages={2465--2481},
  year={2013},
  publisher={American Society of Plant Biologists}
}

@article{qian2021genome,
  title={Genome-wide association study and transcriptome comparison reveal novel QTL and candidate genes that control petal size in rapeseed},
  author={Qian, Mingchao and Fan, Yonghai and Li, Yanhua and Liu, Miao and Sun, Wei and Duan, Huichun and Yu, Mengna and Chang, Wei and Niu, Yue and Li, Xiaodong and others},
  journal={Journal of Experimental Botany},
  volume={72},
  number={10},
  pages={3597--3610},
  year={2021},
  publisher={Oxford University Press UK}
}

@article{kapli2017multi,
  title={Multi-rate Poisson tree processes for single-locus species delimitation under maximum likelihood and Markov chain Monte Carlo},
  author={Kapli, Paschalia and Lutteropp, Sarah and Zhang, Jiajie and Kobert, Kassian and Pavlidis, Pavlos and Stamatakis, Alexandros and Flouri, Tomas},
  journal={Bioinformatics},
  volume={33},
  number={11},
  pages={1630--1638},
  year={2017},
  publisher={Oxford University Press}
}

@article{mcdade1995species,
  title={Species concepts and problems in practice: insight from botanical monographs},
  author={McDade, Lucinda A},
  journal={Systematic Botany},
  pages={606--622},
  year={1995},
  publisher={JSTOR}
}

@book{winston1999describing,
  title={Describing species: practical taxonomic procedure for biologists},
  author={Winston, Judith E},
  year={1999},
  publisher={Columbia University Press}
}

@article{nosil2021many,
  title={How many genetic changes create new species?},
  author={Nosil, Patrik and Feder, Jeffrey L and Gompert, Zachariah},
  journal={Science},
  volume={371},
  number={11},
  pages={1630--1638},
  year={2017},
  publisher={Oxford University Press}
}

@article{pineda2020nature,
  title={The Nature of Espeletia Species},
  author={Pineda, Yam M and Cortes, Andres J and Madrinan, Santiago and Jimenez, Ivan},
  journal={bioRxiv},
  year={2020},
  publisher={Cold Spring Harbor Laboratory}
}